@manual{esp32-datasheet,
  title = {ESP32 Series Datasheet},
  organization = {Espressif Systems},
  year = {2021},
  url = {https://www.espressif.com/sites/default/files/documentation/esp32_datasheet_en.pdf}
}

@article{http,
  title = {What is HTTP?},
  author = {Cloudflare},
  year = {2024},
  url = {https://www.cloudflare.com/learning/ddos/glossary/hypertext-transfer-protocol-http/}
}

@article{mqtt-protocol,
  title = {MQTT Version 3.1.1},
  author = {OASIS Standard},
  year = {2014},
  url = {http://docs.oasis-open.org/mqtt/mqtt/v3.1.1/os/mqtt-v3.1.1-os.html}
}



